@article{Scarselli2009,
    author = {Scarselli, Franco and Gori, Marco and Tsoi, Ah Chung and Hagenbuchner, Markus and Monfardini, Gabriele},
    doi = {10.1109/TNN.2008.2005605},
    issn = {10459227},
    journal = {IEEE Transactions on Neural Networks},
    keywords = {Graph neural networks (GNNs),Graph processing,Graphical domains,Recursive neural networks},
    number = {1},
    pages = {61--80},
    pmid = {19068426},
    title = {{The graph neural network model}},
    volume = {20},
    year = {2009}
}
@book{khamsi2011introduction,
    title={An introduction to metric spaces and fixed point theory},
    author={Khamsi, Mohamed A and Kirk, William A},
    volume={53},
    year={2011},
    publisher={John Wiley \& Sons}
}
@article{powell1964efficient,
    title={An efficient method for finding the minimum of a function of several variables without calculating derivatives},
    author={Powell, Michael JD},
    journal={The computer journal},
    volume={7},
    number={2},
    pages={155--162},
    year={1964},
    publisher={Oxford University Press}
}
@article{frasconi1998general,
    title={A general framework for adaptive processing of data structures},
    author={Frasconi, Paolo and Gori, Marco and Sperduti, Alessandro},
    journal={IEEE transactions on Neural Networks},
    volume={9},
    number={5},
    pages={768--786},
    year={1998},
    publisher={IEEE}
}
@article{liu2020introduction,
    title={Introduction to Graph Neural Networks},
    author={Liu, Zhiyuan and Zhou, Jie},
    journal={Synthesis Lectures on Artificial Intelligence and Machine Learning},
    volume={14},
    number={2},
    pages={1--127},
    year={2020},
    publisher={Morgan \& Claypool Publishers}
}