@article{Miranda2018,
    author = {Miranda, Fabio and Lins, Lauro and Klosowski, James T. and Silva, Claudio T.},
    doi = {10.1109/TVCG.2017.2671341},
    issn = {10772626},
    journal = {IEEE Transactions on Visualization and Computer Graphics},
    keywords = {Data cube,Interactive visualization,Rank merging,Top-K queries},
    number = {3},
    pages = {1394--1407},
    pmid = {28221997},
    publisher = {IEEE},
    title = {{Topkube: A rank-Aware data cube for real-Time exploration of spatiotemporal data}},
    volume = {24},
    year = {2018}
}
@article{Lins2013,
    author = {Lins, Lauro and Klosowski, James T. and Scheidegger, Carlos},
    doi = {10.1109/TVCG.2013.179},
    issn = {10772626},
    journal = {IEEE Transactions on Visualization and Computer Graphics},
    keywords = {Data cube,data structures,interactive exploration},
    number = {12},
    pages = {246--1465},
    pmid = {24051812},
    title = {{Nanocubes for real-time exploration of spatiotemporal datasets}},
    volume = {19},
    year = {2013}
}

@article{FAGIN2003614,
    annote = {Special Issue on PODS 2001},
    author = {Fagin, Ronald and Lotem, Amnon and Naor, Moni},
    doi = {https://doi.org/10.1016/S0022-0000(03)00026-6},
    issn = {0022-0000},
    journal = {Journal of Computer and System Sciences},
    number = {4},
    pages = {614--656},
    title = {{Optimal aggregation algorithms for middleware}},
    volume = {66},
    year = {2003}
}
